<record><leader>06892nkm a2200421 i 4500</leader><controlfield tag="001">9939123451234507636</controlfield><controlfield tag="008">221125q19701974xx#nnn########o###knzxx#d</controlfield><datafield ind1="2" ind2=" " tag="110"><subfield code="a">Test record</subfield></datafield><datafield ind1="1" ind2="0" tag="245"><subfield code="a">Source record for testing field replace.</subfield></datafield><datafield ind1=" " ind2="0" tag="264"><subfield code="c">1970-1974.</subfield></datafield><datafield ind1=" " ind2=" " tag="300"><subfield code="a">1 digital file</subfield></datafield><datafield ind1=" " ind2=" " tag="336"><subfield code="a">still image</subfield><subfield code="b">sti</subfield><subfield code="2">rdacontent</subfield></datafield><datafield ind1=" " ind2=" " tag="337"><subfield code="a">computer</subfield><subfield code="b">c</subfield><subfield code="2">rdamedia</subfield></datafield><datafield ind1=" " ind2=" " tag="338"><subfield code="a">online resource</subfield><subfield code="b">cr</subfield><subfield code="2">rdacarrier</subfield></datafield><datafield ind1=" " ind2=" " tag="520"><subfield code="a">Part of a photographic survey of inner Melbourne suburbs and country areas in Central Victoria undertaken by the Committee for Urban Action (CUA) from 1970 to 1974. -- Indexed as CUAFY/M1-K12. -- Negatives are part of Fitzroy film reel 30. -- Fifteen images on three filmstrips. -- Looking across road to corner with Gertrude Street towards vacant lot surrounded by wire fence -- Double storey terrace houses with name in pediment at roof Brooks Buildings, double verandahs, one with wrought iron balustrade -- Three storey apartment building -- Number 94: Double storey terrace houses with arcuated porches -- Number 96: Looking across street towards two narrow double storey buildings -- Number 100: Looking across street towards brick facade of business: Lawson and Petersen Furniture Manufacturers -- Three single storey terrace houses, one brick with arcuated porch -- Two terraces with double verandahs -- Small single storey cottage with dormer attic window, roof damaged and window unglazed, auction sign on wall -- Looking diagonally across road towards row of small cottages adjoining large double storey dwelling with pillared portico at front door and railing fence separating porch from footpath -- Two terraces with shallow flight of steps to front doors, auction sign on one house -- Two single storey terraces with balustrades at roof and decorative pediments -- Row of terraces with gabled dormers, one in bichromic brick, two with picket fences, three with brick -- Double storey terrace with wrought iron balustrade and trim on upper verandah, pediment at roof -- Looking across intersection with Webb Street to row of terrace houses with gabled dormers.</subfield></datafield><datafield ind1=" " ind2=" " tag="540"><subfield code="a">Use of this work allowed provided the creator and SLV acknowledged.</subfield></datafield><datafield ind1=" " ind2=" " tag="542"><subfield code="l">This work is in copyright</subfield><subfield code="d">Copyright has been assigned to the State Library of Victoria</subfield></datafield><datafield ind1=" " ind2="0" tag="650"><subfield code="a">Architecture, Domestic</subfield><subfield code="z">Victoria</subfield><subfield code="z">Fitzroy.</subfield></datafield><datafield ind1=" " ind2="0" tag="650"><subfield code="a">Terrace houses</subfield><subfield code="z">Victoria</subfield><subfield code="z">Fitzroy.</subfield></datafield><datafield ind1=" " ind2="7" tag="655"><subfield code="a">Replaced 655 field.</subfield><subfield code="2">gmgpc</subfield></datafield><datafield ind1=" " ind2=" " tag="950"><subfield code="a">Replaced 950, only $a left.</subfield></datafield><datafield ind1=" " ind2=" " tag="956"><subfield code="b">PARENT</subfield></datafield></record>